@article{adjerid_high-order_1992,
	title = {High-order adaptive methods for parabolic systems},
	volume = {60},
	url = {http://www.sciencedirect.com/science/article/pii/016727899290229G},
	number = {1},
	urldate = {2016-11-25},
	journal = {Physica D: Nonlinear Phenomena},
	author = {Adjerid, S. and Flaherty, J. E. and Moore, P. K. and Wang, Y. J.},
	year = {1992},
	pages = {94--111}
}

@article{babuska_p-and_1990,
	title = {The p-and hp versions of the finite element method, an overview},
	volume = {80},
	url = {http://www.sciencedirect.com/science/article/pii/004578259090011A},
	number = {1-3},
	urldate = {2016-11-25},
	journal = {Computer Methods in Applied Mechanics and Engineering},
	author = {Babuska, Ivo and Suri, Manil},
	year = {1990},
	pages = {5--26}
}

@article{eriksson_adaptive_1991,
	title = {Adaptive finite element methods for parabolic problems {I}: {A} linear model problem},
	volume = {28},
	shorttitle = {Adaptive finite element methods for parabolic problems {I}},
	url = {http://epubs.siam.org/doi/abs/10.1137/0728003},
	number = {1},
	urldate = {2016-11-25},
	journal = {SIAM Journal on Numerical Analysis},
	author = {Eriksson, Kenneth and Johnson, Claes},
	year = {1991},
	pages = {43--77}
}

@article{huang_moving_1994,
	title = {Moving mesh partial differential equations ({MMPDES}) based on the equidistribution principle},
	volume = {31},
	url = {http://epubs.siam.org/doi/abs/10.1137/0731038},
	number = {3},
	urldate = {2016-06-18},
	journal = {SIAM Journal on Numerical Analysis},
	author = {Huang, Weizhang and Ren, Yuhe and Russell, Robert D.},
	year = {1994},
	pages = {709--730}
}

@article{huang_high_1998,
	title = {A high dimensional moving mesh strategy},
	volume = {26},
	url = {http://www.sciencedirect.com/science/article/pii/S0168927497000822},
	number = {1},
	urldate = {2016-06-18},
	journal = {Applied Numerical Mathematics},
	author = {Huang, Weizhang and Russell, Robert D.},
	year = {1998},
	pages = {63--76},
}

@article{huang_moving_1998,
	title = {Moving mesh strategy based on a gradient flow equation for two-dimensional problems},
	volume = {20},
	url = {http://epubs.siam.org/doi/abs/10.1137/S1064827596315242},
	number = {3},
	urldate = {2016-05-25},
	journal = {SIAM Journal on Scientific Computing},
	author = {Huang, Weizhang and Russell, Robert D.},
	year = {1998},
	pages = {998--1015}
}

@article{cao_study_1999,
	title = {A study of monitor functions for two-dimensional adaptive mesh generation},
	volume = {20},
	url = {http://epubs.siam.org/doi/abs/10.1137/S1064827597327656},
	number = {6},
	urldate = {2016-06-18},
	journal = {SIAM Journal on Scientific Computing},
	author = {Cao, Weiming and Huang, Weizhang and Russell, Robert D.},
	year = {1999},
	pages = {1978--1994}
}
@article{cao_r-adaptive_1999,
	title = {An r-adaptive finite element method based upon moving mesh {PDEs}},
	volume = {149},
	url = {http://www.sciencedirect.com/science/article/pii/S0021999198961514},
	number = {2},
	urldate = {2016-06-18},
	journal = {Journal of Computational Physics},
	author = {Cao, Weiming and Huang, Weizhang and Russell, Robert D.},
	year = {1999},
	pages = {221--244},
}

@article{brackbill_adaptive_1982,
	title = {Adaptive zoning for singular problems in two dimensions},
	volume = {46},
	url = {http://www.sciencedirect.com/science/article/pii/0021999182900201},
	number = {3},
	urldate = {2016-04-24},
	journal = {Journal of Computational Physics},
	author = {Brackbill, J. U. and Saltzman, J. S.},
	year = {1982},
	pages = {342--368}
}

@article{dvinsky_adaptive_1991,
	title = {Adaptive grid generation from harmonic maps on {Riemannian} manifolds},
	volume = {95},
	url = {http://www.sciencedirect.com/science/article/pii/002199919190285S},
	number = {2},
	urldate = {2016-11-25},
	journal = {Journal of Computational Physics},
	author = {Dvinsky, Arkady S.},
	year = {1991},
	pages = {450--476}
}

@article{knupp_framework_2000,
	title = {A framework for variational grid generation: conditioning the {Jacobian} matrix with matrix norms},
	volume = {21},
	shorttitle = {A framework for variational grid generation},
	url = {http://epubs.siam.org/doi/abs/10.1137/S1064827598341633},
	number = {6},
	urldate = {2016-11-25},
	journal = {SIAM Journal on Scientific Computing},
	author = {Knupp, Patrick M. and Robidoux, Nicolas},
	year = {2000},
	pages = {2029--2047}
}

@article{knupp_jacobian-weighted_1996,
	title = {Jacobian-weighted elliptic grid generation},
	volume = {17},
	url = {http://epubs.siam.org/doi/abs/10.1137/S1064827594278563},
	number = {6},
	urldate = {2016-11-25},
	journal = {SIAM Journal on Scientific Computing},
	author = {Knupp, Patrick M.},
	year = {1996},
	pages = {1475--1490}
}

@techreport{winslow_adaptive-mesh_1981,
	title = {Adaptive-mesh zoning by the equipotential method},
	url = {http://www.osti.gov/scitech/biblio/6227449},
	urldate = {2016-11-25},
	institution = {Lawrence Livermore National Lab., CA (USA)},
	author = {Winslow, Alan M.},
	year = {1981}
}


@article{huang_comparative_2015,
	title = {A comparative numerical study of meshing functionals for variational mesh adaptation},
	url = {http://arxiv.org/abs/1503.04709},
	urldate = {2016-04-26},
	journal = {arXiv preprint arXiv:1503.04709},
	author = {Huang, Weizhang and Kamenski, Lennard and Russell, Robert D.},
	year = {2015}
}
@article{huang_practical_2001,
	title = {Practical aspects of formulation and solution of moving mesh partial differential equations},
	volume = {171},
	url = {http://www.sciencedirect.com/science/article/pii/S0021999101968093},
	number = {2},
	urldate = {2016-06-18},
	journal = {Journal of Computational Physics},
	author = {Huang, Weizhang},
	year = {2001},
	pages = {753--775}
}


@article{huang_moving_1994,
	title = {Moving mesh partial differential equations ({MMPDES}) based on the equidistribution principle},
	volume = {31},
	url = {http://epubs.siam.org/doi/abs/10.1137/0731038},
	number = {3},
	urldate = {2016-06-18},
	journal = {SIAM Journal on Numerical Analysis},
	author = {Huang, Weizhang and Ren, Yuhe and Russell, Robert D.},
	year = {1994},
	pages = {709--730}
}
@article{huang_analysis_1997,
	title = {Analysis of moving mesh partial differential equations with spatial smoothing},
	volume = {34},
	url = {http://epubs.siam.org/doi/abs/10.1137/S0036142993256441},
	number = {3},
	urldate = {2016-12-09},
	journal = {SIAM Journal on Numerical Analysis},
	author = {Huang, Weizhang and Russell, Robert D.},
	year = {1997},
	pages = {1106--1126},
}

@article{huang_high_1998,
	title = {A high dimensional moving mesh strategy},
	volume = {26},
	url = {http://www.sciencedirect.com/science/article/pii/S0168927497000822},
	number = {1},
	urldate = {2016-06-18},
	journal = {Applied Numerical Mathematics},
	author = {Huang, Weizhang and Russell, Robert D.},
	year = {1998},
	pages = {63--76}
}

@book{huang_adaptive_2011,
	address = {New York, NY},
	series = {Applied {Mathematical} {Sciences}},
	title = {Adaptive {Moving} {Mesh} {Methods}},
	volume = {174},
	isbn = {978-1-4419-7915-5 978-1-4419-7916-2},
	url = {http://link.springer.com/10.1007/978-1-4419-7916-2},
	urldate = {2016-04-24},
	publisher = {Springer New York},
	author = {Huang, Weizhang and Russell, Robert D.},
	year = {2011}
}

@article{huang_comparative_2015,
	title = {A comparative numerical study of meshing functionals for variational mesh adaptation},
	url = {http://arxiv.org/abs/1503.04709},
	urldate = {2016-04-26},
	journal = {arXiv preprint arXiv:1503.04709},
	author = {Huang, Weizhang and Kamenski, Lennard and Russell, Robert D.},
	year = {2015}
}


@article{huang_variational_2001,
	title = {Variational mesh adaptation: isotropy and equidistribution},
	volume = {174},
	shorttitle = {Variational mesh adaptation},
	url = {http://www.sciencedirect.com/science/article/pii/S0021999101969451},
	number = {2},
	urldate = {2016-11-25},
	journal = {Journal of Computational Physics},
	author = {Huang, Weizhang},
	year = {2001},
	pages = {903--924}
}

@book{thompson_handbook_1998,
	title = {Handbook of grid generation},
	url = {https://www.google.com/books?hl=ru&lr=&id=ImaDT6ijKq4C&oi=fnd&pg=PR9&dq=78.+Thompson+J.F.,+Soni+B.K.,+Weatherill+N.,+eds.+Handbook+of+Grid+Generation&ots=aaTVOvsVji&sig=Zvvt1TbmIk5joedj_3RDgkHEQ_g},
	urldate = {2016-04-24},
	publisher = {CRC press},
	author = {Thompson, Joe F. and Soni, Bharat K. and Weatherill, Nigel P.},
	year = {1998}
}
@book{liseikin_grid_2009,
	title = {Grid generation methods},
	url = {https://www.google.com/books?hl=ru&lr=&id=fp9TtG2APJ8C&oi=fnd&pg=PR5&dq=Liseikin+V.D.+Grid+generation+methods&ots=EHY-_tpbjM&sig=HCF3VritHHTrNkRF67JYETy29dY},
	urldate = {2016-04-24},
	publisher = {Springer Science \& Business Media},
	author = {Liseikin, Vladimir D.},
	year = {2009}
}

@article{breslavskii_dynamic_2008,
	title = {Dynamic adaptation method in gasdynamic simulations with nonlinear heat conduction},
	volume = {48},
	issn = {0965-5425, 1555-6662},
	number = {11},
	urldate = {2016-11-25},
	journal = {Comput. Math. and Math. Phys.},
	author = {Breslavskii, P. V. and Mazhukin, V. I.},
	month = nov,
	year = {2008},
	pages = {2102--2115}
}
@article{baker_mesh_1997,
	series = {Adaptive {Meshing}, {Part} 2},
	title = {Mesh adaptation strategies for problems in fluid dynamics},
	volume = {25},
	issn = {0168-874X},
	number = {3},
	urldate = {2016-11-25},
	journal = {Finite Elements in Analysis and Design},
	author = {Baker, Timothy J.},
	month = apr,
	year = {1997},
	pages = {243--273}
}

@article{budd_adaptivity_2009,
	title = {Adaptivity with moving grids},
	volume = {18},
	issn = {0962-4929, 1474-0508},
	url = {http://www.journals.cambridge.org/abstract_S0962492906400015},
	doi = {10.1017/S0962492906400015},
	urldate = {2016-11-25},
	journal = {Acta Numerica},
	author = {Budd, Chris J. and Huang, Weizhang and Russell, Robert D.},
	month = may,
	year = {2009},
	pages = {111}
}

@inproceedings{yanenko_methods_1976,
	title = {Methods for the construction of moving grids for problems of fluid dynamics with big deformations},
	url = {http://link.springer.com/content/pdf/10.1007/3-540-08004-X_354.pdf},
	urldate = {2016-11-26},
	booktitle = {Proceedings of the {Fifth} {International} {Conference} on {Numerical} {Methods} in {Fluid} {Dynamics} {June} 28–{July} 2, 1976 {Twente} {University}, {Enschede}},
	publisher = {Springer},
	author = {Yanenko, N. N. and Kroshko, E. A. and Liseikin, V. V. and Fomin, V. M. and Shapeev, V. P. and Shitov, Yu A.},
	year = {1976},
	pages = {454--459}
}

@article{jasak_automatic_2006,
	title = {Automatic mesh motion for the unstructured finite volume method},
	volume = {30},
	url = {https://www.researchgate.net/profile/Zeljko_Tukovic/publication/258885095_Automatic_mesh_motion_for_the_unstructured_Finite_Volume_Method/links/552e2b5f0cf2acd38cb900bd.pdf},
	number = {2},
	urldate = {2016-12-13},
	journal = {Transactions of FAMENA},
	author = {Jasak, Hrvoje and Tukovic, Zeljko},
	year = {2006},
	pages = {1--20}
}

@article{tukovic_moving_2012,
	title = {A moving mesh finite volume interface tracking method for surface tension dominated interfacial fluid flow},
	volume = {55},
	url = {http://www.sciencedirect.com/science/article/pii/S0045793011003380},
	urldate = {2017-01-03},
	journal = {Computers \& fluids},
	author = {Tukovic, Zeljko and Jasak, Hrvoje},
	year = {2012},
	pages = {70--84}
}

@inproceedings{jasak_dynamic_2010,
	title = {Dynamic mesh handling in {OpenFOAM} applied to fluid-structure interaction simulations},
	url = {http://congress.cimne.com/eccomas/cfd2010/papers/01178.pdf},
	urldate = {2017-01-03},
	booktitle = {Proceedings of the {V} {European} {Conference} {Computational} {Fluid} {Dynamics}, {Lisbon}, {Portugal}, {June}},
	author = {Jasak, Hrvoje and Tukovic, Zeljko},
	year = {2010},
	pages = {14--17}
}