
@article{mortensen_spectral-galerkin_2017,
	title = {A spectral-{Galerkin} turbulent channel flow solver for large-scale simulations},
	url = {https://arxiv.org/abs/1701.03787},
	urldate = {2017-03-02},
	journal = {arXiv preprint arXiv:1701.03787},
	author = {Mortensen, Mikael},
	year = {2017},
	file = {2017_Mortensen_A spectral-Galerkin turbulent channel flow solver for large-scale simulations.pdf:/Users/olgadorr/Dropbox/Zotero/2017_Mortensen_A spectral-Galerkin turbulent channel flow solver for large-scale simulations.pdf:application/pdf}
}

@article{mortensen_high_2016,
	title = {High performance {Python} for direct numerical simulations of turbulent flows},
	volume = {203},
	url = {http://www.sciencedirect.com/science/article/pii/S0010465516300200},
	urldate = {2017-03-02},
	journal = {Computer Physics Communications},
	author = {Mortensen, Mikael and Langtangen, Hans Petter},
	year = {2016},
	pages = {53--65},
	file = {2016_Mortensen_Langtangen_High performance Python for direct numerical simulations of turbulent flows.pdf:/Users/olgadorr/Dropbox/Zotero/2016_Mortensen_Langtangen_High performance Python for direct numerical simulations of turbulent flows.pdf:application/pdf}
}